
@misc{1,
	author = {Microsoft Azure},
    title = {Définition de DevOps},
   	url={https://azure.microsoft.com/fr-fr/resources/cloud-computing-dictionary/what-is-devops},
    note = "[Online; accessed 01-mars-2023]"
}
@misc{2,
	author = {Microsoft Azure},
    title = {Définition de cloud},
   	url={https://azure.microsoft.com/fr-fr/resources/cloud-computing-dictionary/what-is-the-cloud},
    note = "[Online; accessed 01-mars-2023]"
}
@misc{3,
	author = {Oracle},
    title = {Définition SaaS},
   	url={https://www.oracle.com/fr/cloud/definition-saas},
    note = "[Online; accessed 01-mars-2023]"
}
@misc{4,
	author = {Oracle},
    title = {Définition de Paas},
   	url={https://www.oracle.com/fr/cloud/definition-paas/},
    note = "[Online; accessed 01-mars-2023]"
}
@misc{5,
	author = {Microsoft Azure},
    title = {Définition de Iaas},
   	url={https://azure.microsoft.com/fr-fr/resources/cloud-computing-dictionary/what-is-iaas/},
    note = "[Online; accessed 01-mars-2023]"
}
@misc{6,
	author = {Oracle},
    title = {Définition de cloud prive},
    url={https://www.oracle.com/fr/cloud/definition-cloud-prive/},
    note = "[Online; accessed 01-mars-2023]"
}
@misc{7,
	author = {Google},
    title = {Définition de Public Cloud},
    url={https://cloud.google.com/learn/what-is-public-cloud?hl=fr/},
    note = "[Online; accessed 01-mars-2023]"
}
@misc{8,
	author = {Goggle},
    title = {Définition de Cloud Hybride},
    url={https://cloud.google.com/learn/what-is-hybrid-cloud?hl=fr}, 
    note = "[Online; accessed 01-mars-2023]"
}
@misc{9,
	author = {Microsoft Azure},
    title = {Azure devops},
    url={https://learn.microsoft.com/fr-fr/azure/devops/user-guide/what-is-azure-devops?view=azure-devops},
    note = "[Online; accessed 01-mars-2023]"
}
@misc{10,
	author = {Amazon web service},
    title = {Amazon devops},
    url={https://aws.amazon.com/fr/devops/?nc1=h_ls/},
    note = "[Online; accessed 01-mars-2023]"
}
@misc{11,
	author = {Bluelight},
    title = {GCP devops},
    url={https://bluelight.co/blog/gcp-devops/},
    note = "[Online; accessed 01-mars-2023]"

}
@misc{12,
	author = {Wikipedia},
    title = {Définition d'acteur dans un système},
    url={https://fr.wikipedia.org/wiki/Acteur_(UML)},
    note = "[Online; accessed 01-mars-2023]"


}
@misc{13,
	author = {Wikipedia},
    title = {Diagramme de classe},
    url={https://fr.wikipedia.org/wiki/Diagramme_de_classes},
    note = "[Online; accessed 01-mars-2023]"
}
@misc{14,
	author = {Wikipedia},
    title = {Diagramme de séquence},
    url={https://fr.wikipedia.org/wiki/Diagramme_de_s%C3%A9quence},
    note = "[Online; accessed 01-mars-2023]"
}
@misc{15,
author = {Wikepedia},
title = {Diagramme de déploiement},
url={https://fr.wikipedia.org/wiki/Diagramme_de_d%C3%A9ploiement},
note = "[Online; accessed 01-mars-2023]"
}